<record><leader>00000cas a2200000 a 4500</leader><controlfield tag="001">35984971</controlfield><controlfield tag="008">961122d19361940miuwr ne      0    0eng c</controlfield><datafield ind1=" " ind2=" " tag="010"><subfield code="a">sn 96077285 </subfield></datafield><datafield ind1=" " ind2=" " tag="040"><subfield code="a">MHN</subfield><subfield code="b">eng</subfield><subfield code="c">MHN</subfield><subfield code="d">OCL</subfield><subfield code="d">OCLCQ</subfield><subfield code="d">OCLCF</subfield><subfield code="d">OCLCO</subfield></datafield><datafield ind1="1" ind2=" " tag="029"><subfield code="a">AU@</subfield><subfield code="b">000012971718</subfield></datafield><datafield ind1=" " ind2=" " tag="042"><subfield code="a">pcc</subfield></datafield><datafield ind1=" " ind2=" " tag="043"><subfield code="a">n-us-mi</subfield></datafield><datafield ind1="0" ind2=" " tag="130"><subfield code="a">Advertiser-monitor (Mount Clemens, Mich.)</subfield></datafield><datafield ind1="1" ind2="4" tag="245"><subfield code="a">The advertiser-monitor.</subfield></datafield><datafield ind1=" " ind2=" " tag="260"><subfield code="a">Mount Clemens, Macomb Co., Mich. :</subfield><subfield code="b">J.F. Nellis &amp; Son</subfield></datafield><datafield ind1=" " ind2=" " tag="300"><subfield code="a">v.</subfield></datafield><datafield ind1=" " ind2=" " tag="310"><subfield code="a">Weekly</subfield></datafield><datafield ind1="0" ind2=" " tag="362"><subfield code="a">Vol. 77, no. 46 (Nov. 19, 1936)-v. 78, no. 9 (Mar. 5, 1937) ; 78th yr., no. 10 (Mar. 12, 1937)-81st yr., no. 29 (Aug. 23, 1940).</subfield></datafield><datafield ind1=" " ind2=" " tag="580"><subfield code="a">Merged with: Mount Clemens advertiser, to form: Daily monitor (Mount Clemens, Mich.).</subfield></datafield><datafield ind1=" " ind2="0" tag="651"><subfield code="a">Mount Clemens (Mich.)</subfield><subfield code="v">Newspapers.</subfield></datafield><datafield ind1=" " ind2="0" tag="651"><subfield code="a">Macomb County (Mich.)</subfield><subfield code="v">Newspapers.</subfield></datafield><datafield ind1=" " ind2="7" tag="655"><subfield code="a">Newspapers.</subfield><subfield code="2">fast</subfield><subfield code="0">(OCoLC)fst01423814</subfield></datafield><datafield ind1=" " ind2="7" tag="651"><subfield code="a">Michigan</subfield><subfield code="z">Macomb County.</subfield><subfield code="2">fast</subfield><subfield code="0">(OCoLC)fst01214769</subfield></datafield><datafield ind1=" " ind2="7" tag="651"><subfield code="a">Michigan</subfield><subfield code="z">Mount Clemens.</subfield><subfield code="2">fast</subfield><subfield code="0">(OCoLC)fst01208678</subfield></datafield><datafield ind1=" " ind2=" " tag="752"><subfield code="a">United States</subfield><subfield code="b">Michigan</subfield><subfield code="c">Macomb</subfield><subfield code="d">Mount Clemens.</subfield></datafield><datafield ind1="0" ind2="0" tag="780"><subfield code="t">Mount Clemens monitor (Mount Clemens, Mich. : 1868)</subfield><subfield code="w">(DLC)sn 85033742</subfield><subfield code="w">(OCoLC)12224850</subfield></datafield><datafield ind1="1" ind2="7" tag="785"><subfield code="t">Mount Clemens advertiser</subfield><subfield code="w">(DLC)sn 96077288</subfield><subfield code="w">(OCoLC)35984885</subfield></datafield><datafield ind1="1" ind2="7" tag="785"><subfield code="t">Daily monitor (Mount Clemens, Mich.)</subfield><subfield code="w">(DLC)sn 96077287</subfield><subfield code="w">(OCoLC)35984838</subfield></datafield></record>